<record><leader>00000cas a2200000 a 4500</leader><controlfield tag="001">10466867</controlfield><controlfield tag="008">840228d18971905iduwr ne      0    0eng c</controlfield><datafield ind1=" " ind2=" " tag="010"><subfield code="a">sn 84024251 </subfield></datafield><datafield ind1=" " ind2=" " tag="040"><subfield code="a">NPV</subfield><subfield code="b">eng</subfield><subfield code="c">NPV</subfield><subfield code="d">UNP</subfield><subfield code="d">DLC</subfield><subfield code="d">NVB</subfield><subfield code="d">OCLCQ</subfield><subfield code="d">CUI</subfield><subfield code="d">OCLCQ</subfield><subfield code="d">OCLCF</subfield></datafield><datafield ind1=" " ind2=" " tag="042"><subfield code="a">pcc</subfield></datafield><datafield ind1=" " ind2=" " tag="043"><subfield code="a">n-us-id</subfield></datafield><datafield ind1=" " ind2="4" tag="050"><subfield code="a">AN2.I2</subfield><subfield code="b">O89</subfield></datafield><datafield ind1=" " ind2="4" tag="050"><subfield code="a">AN</subfield></datafield><datafield ind1="0" ind2=" " tag="130"><subfield code="a">Owyhee avalanche (Silver City, Idaho : 1897)</subfield></datafield><datafield ind1="1" ind2="4" tag="245"><subfield code="a">The Owyhee avalanche.</subfield></datafield><datafield ind1=" " ind2=" " tag="260"><subfield code="a">Silver City, Idaho :</subfield><subfield code="b">L.A. York</subfield></datafield><datafield ind1=" " ind2=" " tag="300"><subfield code="a">v. :</subfield><subfield code="b">ill. ;</subfield><subfield code="c">50 cm.</subfield></datafield><datafield ind1=" " ind2=" " tag="310"><subfield code="a">Weekly</subfield></datafield><datafield ind1="0" ind2=" " tag="362"><subfield code="a">Vol. 33, no. 1 (Aug. 20, 1897)-</subfield></datafield><datafield ind1="1" ind2=" " tag="362"><subfield code="a">Ceased in Jan. 1905.</subfield></datafield><datafield ind1=" " ind2="0" tag="651"><subfield code="a">Silver City (Idaho)</subfield><subfield code="v">Newspapers.</subfield></datafield><datafield ind1=" " ind2="0" tag="651"><subfield code="a">Owyhee County (Idaho)</subfield><subfield code="v">Newspapers.</subfield></datafield><datafield ind1=" " ind2="7" tag="655"><subfield code="a">Newspapers.</subfield><subfield code="2">fast</subfield><subfield code="0">(OCoLC)fst01423814</subfield></datafield><datafield ind1=" " ind2="7" tag="651"><subfield code="a">Idaho</subfield><subfield code="z">Owyhee County.</subfield><subfield code="2">fast</subfield><subfield code="0">(OCoLC)fst01216929</subfield></datafield><datafield ind1=" " ind2="7" tag="651"><subfield code="a">Idaho</subfield><subfield code="z">Silver City.</subfield><subfield code="2">fast</subfield><subfield code="0">(OCoLC)fst01222852</subfield></datafield><datafield ind1=" " ind2=" " tag="752"><subfield code="a">United States</subfield><subfield code="b">Idaho</subfield><subfield code="c">Owyhee</subfield><subfield code="d">Silver City.</subfield></datafield><datafield ind1="0" ind2="8" tag="776"><subfield code="i">Online version:</subfield><subfield code="t">Owyhee avalanche (Silver City, Idaho : 1897 : Online)</subfield><subfield code="w">(OCoLC)631395389</subfield></datafield><datafield ind1="0" ind2="0" tag="780"><subfield code="t">Idaho avalanche</subfield><subfield code="w">(DLC)sn 82014691</subfield><subfield code="w">(OCoLC)8807583</subfield></datafield><datafield ind1="0" ind2="7" tag="785"><subfield code="t">Silver City nugget</subfield></datafield><datafield ind1="0" ind2="7" tag="785"><subfield code="t">Owyhee nugget</subfield><subfield code="w">(DLC)sn 88056038</subfield></datafield></record>